%YAML 1.1
%TAG !u! tag:unity3d.com,2011:
--- !u!29 &1
OcclusionCullingSettings:
  m_ObjectHideFlags: 0
  serializedVersion: 2
  m_OcclusionBakeSettings:
    smallestOccluder: 5
    smallestHole: 0.25
    backfaceThreshold: 100
  m_SceneGUID: 00000000000000000000000000000000
  m_OcclusionCullingData: {fileID: 0}
--- !u!104 &2
RenderSettings:
  m_ObjectHideFlags: 0
  serializedVersion: 9
  m_Fog: 0
  m_FogColor: {r: 0.5, g: 0.5, b: 0.5, a: 1}
  m_FogMode: 3
  m_FogDensity: 0.01
  m_LinearFogStart: 0
  m_LinearFogEnd: 300
  m_AmbientSkyColor: {r: 0.212, g: 0.227, b: 0.259, a: 1}
  m_AmbientEquatorColor: {r: 0.114, g: 0.125, b: 0.133, a: 1}
  m_AmbientGroundColor: {r: 0.047, g: 0.043, b: 0.035, a: 1}
  m_AmbientIntensity: 1
  m_AmbientMode: 0
  m_SubtractiveShadowColor: {r: 0.42, g: 0.478, b: 0.627, a: 1}
  m_SkyboxMaterial: {fileID: 10304, guid: 0000000000000000f000000000000000, type: 0}
  m_HaloStrength: 0.5
  m_FlareStrength: 1
  m_FlareFadeSpeed: 3
  m_HaloTexture: {fileID: 0}
  m_SpotCookie: {fileID: 10001, guid: 0000000000000000e000000000000000, type: 0}
  m_DefaultReflectionMode: 0
  m_DefaultReflectionResolution: 128
  m_ReflectionBounces: 1
  m_ReflectionIntensity: 1
  m_CustomReflection: {fileID: 0}
  m_Sun: {fileID: 0}
  m_IndirectSpecularColor: {r: 0.44657868, g: 0.49641263, b: 0.57481706, a: 1}
  m_UseRadianceAmbientProbe: 0
--- !u!157 &3
LightmapSettings:
  m_ObjectHideFlags: 0
  serializedVersion: 11
  m_GIWorkflowMode: 1
  m_GISettings:
    serializedVersion: 2
    m_BounceScale: 1
    m_IndirectOutputScale: 1
    m_AlbedoBoost: 1
    m_TemporalCoherenceThreshold: 1
    m_EnvironmentLightingMode: 0
    m_EnableBakedLightmaps: 1
    m_EnableRealtimeLightmaps: 0
  m_LightmapEditorSettings:
    serializedVersion: 10
    m_Resolution: 2
    m_BakeResolution: 10
    m_AtlasSize: 512
    m_AO: 0
    m_AOMaxDistance: 1
    m_CompAOExponent: 1
    m_CompAOExponentDirect: 0
    m_Padding: 2
    m_LightmapParameters: {fileID: 0}
    m_LightmapsBakeMode: 1
    m_TextureCompression: 1
    m_FinalGather: 0
    m_FinalGatherFiltering: 1
    m_FinalGatherRayCount: 256
    m_ReflectionCompression: 2
    m_MixedBakeMode: 2
    m_BakeBackend: 1
    m_PVRSampling: 1
    m_PVRDirectSampleCount: 32
    m_PVRSampleCount: 256
    m_PVRBounces: 2
    m_PVRFilterTypeDirect: 0
    m_PVRFilterTypeIndirect: 0
    m_PVRFilterTypeAO: 0
    m_PVRFilteringMode: 1
    m_PVRCulling: 1
    m_PVRFilteringGaussRadiusDirect: 1
    m_PVRFilteringGaussRadiusIndirect: 5
    m_PVRFilteringGaussRadiusAO: 2
    m_PVRFilteringAtrousPositionSigmaDirect: 0.5
    m_PVRFilteringAtrousPositionSigmaIndirect: 2
    m_PVRFilteringAtrousPositionSigmaAO: 1
    m_ShowResolutionOverlay: 1
  m_LightingDataAsset: {fileID: 112000002, guid: 4c9f877b2eab8c44d91779ff5c816386,
    type: 2}
  m_UseShadowmask: 1
--- !u!196 &4
NavMeshSettings:
  serializedVersion: 2
  m_ObjectHideFlags: 0
  m_BuildSettings:
    serializedVersion: 2
    agentTypeID: 0
    agentRadius: 0.5
    agentHeight: 2
    agentSlope: 45
    agentClimb: 0.4
    ledgeDropHeight: 0
    maxJumpAcrossDistance: 0
    minRegionArea: 2
    manualCellSize: 0
    cellSize: 0.16666667
    manualTileSize: 0
    tileSize: 256
    accuratePlacement: 0
    debug:
      m_Flags: 0
  m_NavMeshData: {fileID: 0}
--- !u!1 &17396483
GameObject:
  m_ObjectHideFlags: 0
  m_CorrespondingSourceObject: {fileID: 0}
  m_PrefabInternal: {fileID: 0}
  serializedVersion: 6
  m_Component:
  - component: {fileID: 17396484}
  - component: {fileID: 17396486}
  - component: {fileID: 17396485}
  m_Layer: 0
  m_Name: Camera1
  m_TagString: Untagged
  m_Icon: {fileID: 0}
  m_NavMeshLayer: 0
  m_StaticEditorFlags: 0
  m_IsActive: 1
--- !u!4 &17396484
Transform:
  m_ObjectHideFlags: 0
  m_CorrespondingSourceObject: {fileID: 0}
  m_PrefabInternal: {fileID: 0}
  m_GameObject: {fileID: 17396483}
  m_LocalRotation: {x: 0.16504757, y: 0, z: 0, w: 0.9862857}
  m_LocalPosition: {x: 0, y: 2.4, z: -3.17}
  m_LocalScale: {x: 1, y: 1, z: 1}
  m_Children: []
  m_Father: {fileID: 1834917996}
  m_RootOrder: 2
  m_LocalEulerAnglesHint: {x: 19, y: 0, z: 0}
--- !u!81 &17396485
AudioListener:
  m_ObjectHideFlags: 0
  m_CorrespondingSourceObject: {fileID: 0}
  m_PrefabInternal: {fileID: 0}
  m_GameObject: {fileID: 17396483}
  m_Enabled: 1
--- !u!20 &17396486
Camera:
  m_ObjectHideFlags: 0
  m_CorrespondingSourceObject: {fileID: 0}
  m_PrefabInternal: {fileID: 0}
  m_GameObject: {fileID: 17396483}
  m_Enabled: 1
  serializedVersion: 2
  m_ClearFlags: 1
  m_BackGroundColor: {r: 0.19215687, g: 0.3019608, b: 0.4745098, a: 0}
  m_projectionMatrixMode: 1
  m_SensorSize: {x: 36, y: 24}
  m_LensShift: {x: 0, y: 0}
  m_FocalLength: 50
  m_NormalizedViewPortRect:
    serializedVersion: 2
    x: 0
    y: 0
    width: 1
    height: 1
  near clip plane: 0.3
  far clip plane: 1000
  field of view: 60
  orthographic: 0
  orthographic size: 5
  m_Depth: -1
  m_CullingMask:
    serializedVersion: 2
    m_Bits: 4294967295
  m_RenderingPath: -1
  m_TargetTexture: {fileID: 0}
  m_TargetDisplay: 0
  m_TargetEye: 3
  m_HDR: 1
  m_AllowMSAA: 1
  m_AllowDynamicResolution: 0
  m_ForceIntoRT: 0
  m_OcclusionCulling: 1
  m_StereoConvergence: 10
  m_StereoSeparation: 0.022
--- !u!1 &136752114
GameObject:
  m_ObjectHideFlags: 0
  m_CorrespondingSourceObject: {fileID: 0}
  m_PrefabInternal: {fileID: 0}
  serializedVersion: 6
  m_Component:
  - component: {fileID: 136752117}
  - component: {fileID: 136752116}
  - component: {fileID: 136752115}
  m_Layer: 0
  m_Name: Terrain
  m_TagString: Untagged
  m_Icon: {fileID: 0}
  m_NavMeshLayer: 0
  m_StaticEditorFlags: 4294967295
  m_IsActive: 1
--- !u!154 &136752115
TerrainCollider:
  m_ObjectHideFlags: 0
  m_CorrespondingSourceObject: {fileID: 0}
  m_PrefabInternal: {fileID: 0}
  m_GameObject: {fileID: 136752114}
  m_Material: {fileID: 0}
  m_Enabled: 1
  m_TerrainData: {fileID: 15600000, guid: 444c3c3bc2078af41a6d250ecb645a53, type: 2}
  m_EnableTreeColliders: 1
--- !u!218 &136752116
Terrain:
  m_ObjectHideFlags: 0
  m_CorrespondingSourceObject: {fileID: 0}
  m_PrefabInternal: {fileID: 0}
  m_GameObject: {fileID: 136752114}
  m_Enabled: 1
  serializedVersion: 3
  m_TerrainData: {fileID: 15600000, guid: 444c3c3bc2078af41a6d250ecb645a53, type: 2}
  m_TreeDistance: 5000
  m_TreeBillboardDistance: 50
  m_TreeCrossFadeLength: 5
  m_TreeMaximumFullLODCount: 50
  m_DetailObjectDistance: 80
  m_DetailObjectDensity: 1
  m_HeightmapPixelError: 5
  m_SplatMapDistance: 1000
  m_HeightmapMaximumLOD: 0
  m_CastShadows: 1
  m_DrawHeightmap: 1
  m_DrawTreesAndFoliage: 1
  m_ReflectionProbeUsage: 1
  m_MaterialType: 0
  m_LegacySpecular:
    serializedVersion: 2
    rgba: 4286545791
  m_LegacyShininess: 0.078125
  m_MaterialTemplate: {fileID: 0}
  m_BakeLightProbesForTrees: 1
  m_PreserveTreePrototypeLayers: 0
  m_ScaleInLightmap: 0.1024
  m_LightmapParameters: {fileID: 15203, guid: 0000000000000000f000000000000000, type: 0}
--- !u!4 &136752117
Transform:
  m_ObjectHideFlags: 0
  m_CorrespondingSourceObject: {fileID: 0}
  m_PrefabInternal: {fileID: 0}
  m_GameObject: {fileID: 136752114}
  m_LocalRotation: {x: 0, y: 0, z: 0, w: 1}
  m_LocalPosition: {x: 0, y: 0, z: 0}
  m_LocalScale: {x: 1, y: 1, z: 1}
  m_Children: []
  m_Father: {fileID: 0}
  m_RootOrder: 4
  m_LocalEulerAnglesHint: {x: 0, y: 0, z: 0}
--- !u!1 &170076733
GameObject:
  m_ObjectHideFlags: 0
  m_CorrespondingSourceObject: {fileID: 0}
  m_PrefabInternal: {fileID: 0}
  serializedVersion: 6
  m_Component:
  - component: {fileID: 170076735}
  - component: {fileID: 170076734}
  m_Layer: 0
  m_Name: Directional Light
  m_TagString: Untagged
  m_Icon: {fileID: 0}
  m_NavMeshLayer: 0
  m_StaticEditorFlags: 0
  m_IsActive: 1
--- !u!108 &170076734
Light:
  m_ObjectHideFlags: 0
  m_CorrespondingSourceObject: {fileID: 0}
  m_PrefabInternal: {fileID: 0}
  m_GameObject: {fileID: 170076733}
  m_Enabled: 1
  serializedVersion: 8
  m_Type: 1
  m_Color: {r: 1, g: 0.95686275, b: 0.8392157, a: 1}
  m_Intensity: 1
  m_Range: 10
  m_SpotAngle: 30
  m_CookieSize: 10
  m_Shadows:
    m_Type: 2
    m_Resolution: -1
    m_CustomResolution: -1
    m_Strength: 1
    m_Bias: 0.05
    m_NormalBias: 0.4
    m_NearPlane: 0.2
  m_Cookie: {fileID: 0}
  m_DrawHalo: 0
  m_Flare: {fileID: 0}
  m_RenderMode: 0
  m_CullingMask:
    serializedVersion: 2
    m_Bits: 4294967295
  m_Lightmapping: 1
  m_LightShadowCasterMode: 0
  m_AreaSize: {x: 1, y: 1}
  m_BounceIntensity: 1
  m_ColorTemperature: 6570
  m_UseColorTemperature: 0
  m_ShadowRadius: 0
  m_ShadowAngle: 0
--- !u!4 &170076735
Transform:
  m_ObjectHideFlags: 0
  m_CorrespondingSourceObject: {fileID: 0}
  m_PrefabInternal: {fileID: 0}
  m_GameObject: {fileID: 170076733}
  m_LocalRotation: {x: 0.40821788, y: -0.23456968, z: 0.10938163, w: 0.8754261}
  m_LocalPosition: {x: 0, y: 3, z: 0}
  m_LocalScale: {x: 1, y: 1, z: 1}
  m_Children: []
  m_Father: {fileID: 0}
  m_RootOrder: 0
  m_LocalEulerAnglesHint: {x: 50, y: -30, z: 0}
--- !u!1 &356056393
GameObject:
  m_ObjectHideFlags: 0
  m_CorrespondingSourceObject: {fileID: 0}
  m_PrefabInternal: {fileID: 0}
  serializedVersion: 6
  m_Component:
  - component: {fileID: 356056394}
  m_Layer: 0
  m_Name: P2
  m_TagString: Untagged
  m_Icon: {fileID: 0}
  m_NavMeshLayer: 0
  m_StaticEditorFlags: 0
  m_IsActive: 1
--- !u!4 &356056394
Transform:
  m_ObjectHideFlags: 0
  m_CorrespondingSourceObject: {fileID: 0}
  m_PrefabInternal: {fileID: 0}
  m_GameObject: {fileID: 356056393}
  m_LocalRotation: {x: -0, y: -0, z: -0, w: 1}
  m_LocalPosition: {x: -3.8, y: 0, z: -16.82}
  m_LocalScale: {x: 1, y: 1, z: 1}
  m_Children: []
  m_Father: {fileID: 606682263}
  m_RootOrder: 1
  m_LocalEulerAnglesHint: {x: 0, y: 0, z: 0}
--- !u!1 &363190544 stripped
GameObject:
  m_CorrespondingSourceObject: {fileID: 100000, guid: 2dd67fdcd4fb50041853ad2eabfe54ae,
    type: 3}
  m_PrefabInternal: {fileID: 540606911}
--- !u!65 &363190545
BoxCollider:
  m_ObjectHideFlags: 0
  m_CorrespondingSourceObject: {fileID: 0}
  m_PrefabInternal: {fileID: 0}
  m_GameObject: {fileID: 363190544}
  m_Material: {fileID: 0}
  m_IsTrigger: 1
  m_Enabled: 1
  serializedVersion: 2
  m_Size: {x: 0.09786129, y: 0.21647893, z: 0.09786126}
  m_Center: {x: -0.000000001862646, y: -0.000000003725292, z: -0.000000011175871}
--- !u!54 &363190546
Rigidbody:
  m_ObjectHideFlags: 0
  m_CorrespondingSourceObject: {fileID: 0}
  m_PrefabInternal: {fileID: 0}
  m_GameObject: {fileID: 363190544}
  serializedVersion: 2
  m_Mass: 1
  m_Drag: 0
  m_AngularDrag: 0.05
  m_UseGravity: 1
  m_IsKinematic: 1
  m_Interpolate: 0
  m_Constraints: 0
  m_CollisionDetection: 0
--- !u!1 &408572703
GameObject:
  m_ObjectHideFlags: 0
  m_CorrespondingSourceObject: {fileID: 0}
  m_PrefabInternal: {fileID: 0}
  serializedVersion: 6
  m_Component:
  - component: {fileID: 408572704}
  m_Layer: 0
  m_Name: P3
  m_TagString: Untagged
  m_Icon: {fileID: 0}
  m_NavMeshLayer: 0
  m_StaticEditorFlags: 0
  m_IsActive: 1
--- !u!4 &408572704
Transform:
  m_ObjectHideFlags: 0
  m_CorrespondingSourceObject: {fileID: 0}
  m_PrefabInternal: {fileID: 0}
  m_GameObject: {fileID: 408572703}
  m_LocalRotation: {x: -0, y: -0, z: -0, w: 1}
  m_LocalPosition: {x: -8.6, y: 0, z: -29}
  m_LocalScale: {x: 1, y: 1, z: 1}
  m_Children: []
  m_Father: {fileID: 606682263}
  m_RootOrder: 2
  m_LocalEulerAnglesHint: {x: 0, y: 0, z: 0}
--- !u!1 &534669902
GameObject:
  m_ObjectHideFlags: 0
  m_CorrespondingSourceObject: {fileID: 0}
  m_PrefabInternal: {fileID: 0}
  serializedVersion: 6
  m_Component:
  - component: {fileID: 534669905}
  - component: {fileID: 534669904}
  - component: {fileID: 534669903}
  m_Layer: 0
  m_Name: Camera3
  m_TagString: Untagged
  m_Icon: {fileID: 0}
  m_NavMeshLayer: 0
  m_StaticEditorFlags: 0
  m_IsActive: 1
--- !u!81 &534669903
AudioListener:
  m_ObjectHideFlags: 0
  m_CorrespondingSourceObject: {fileID: 0}
  m_PrefabInternal: {fileID: 0}
  m_GameObject: {fileID: 534669902}
  m_Enabled: 1
--- !u!20 &534669904
Camera:
  m_ObjectHideFlags: 0
  m_CorrespondingSourceObject: {fileID: 0}
  m_PrefabInternal: {fileID: 0}
  m_GameObject: {fileID: 534669902}
  m_Enabled: 1
  serializedVersion: 2
  m_ClearFlags: 1
  m_BackGroundColor: {r: 0.19215687, g: 0.3019608, b: 0.4745098, a: 0}
  m_projectionMatrixMode: 1
  m_SensorSize: {x: 36, y: 24}
  m_LensShift: {x: 0, y: 0}
  m_FocalLength: 50
  m_NormalizedViewPortRect:
    serializedVersion: 2
    x: 0
    y: 0
    width: 1
    height: 1
  near clip plane: 0.3
  far clip plane: 1000
  field of view: 60
  orthographic: 0
  orthographic size: 5
  m_Depth: -1
  m_CullingMask:
    serializedVersion: 2
    m_Bits: 4294967295
  m_RenderingPath: -1
  m_TargetTexture: {fileID: 0}
  m_TargetDisplay: 0
  m_TargetEye: 3
  m_HDR: 1
  m_AllowMSAA: 1
  m_AllowDynamicResolution: 0
  m_ForceIntoRT: 0
  m_OcclusionCulling: 1
  m_StereoConvergence: 10
  m_StereoSeparation: 0.022
--- !u!4 &534669905
Transform:
  m_ObjectHideFlags: 0
  m_CorrespondingSourceObject: {fileID: 0}
  m_PrefabInternal: {fileID: 0}
  m_GameObject: {fileID: 534669902}
  m_LocalRotation: {x: 0.17925207, y: -0, z: -0, w: 0.9838032}
  m_LocalPosition: {x: 0, y: 1.403, z: -1.749}
  m_LocalScale: {x: 0.5000001, y: 0.5, z: 0.5000001}
  m_Children: []
  m_Father: {fileID: 1743797711}
  m_RootOrder: 2
  m_LocalEulerAnglesHint: {x: 20.652, y: 0, z: 0}
--- !u!1001 &540606911
Prefab:
  m_ObjectHideFlags: 0
  serializedVersion: 2
  m_Modification:
    m_TransformParent: {fileID: 0}
    m_Modifications:
    - target: {fileID: 400000, guid: 2dd67fdcd4fb50041853ad2eabfe54ae, type: 3}
      propertyPath: m_LocalPosition.x
      value: 445.22623
      objectReference: {fileID: 0}
    - target: {fileID: 400000, guid: 2dd67fdcd4fb50041853ad2eabfe54ae, type: 3}
      propertyPath: m_LocalPosition.y
      value: 0.15
      objectReference: {fileID: 0}
    - target: {fileID: 400000, guid: 2dd67fdcd4fb50041853ad2eabfe54ae, type: 3}
      propertyPath: m_LocalPosition.z
      value: 432.9545
      objectReference: {fileID: 0}
    - target: {fileID: 400000, guid: 2dd67fdcd4fb50041853ad2eabfe54ae, type: 3}
      propertyPath: m_LocalRotation.x
      value: -0.11481663
      objectReference: {fileID: 0}
    - target: {fileID: 400000, guid: 2dd67fdcd4fb50041853ad2eabfe54ae, type: 3}
      propertyPath: m_LocalRotation.y
      value: -0.11481666
      objectReference: {fileID: 0}
    - target: {fileID: 400000, guid: 2dd67fdcd4fb50041853ad2eabfe54ae, type: 3}
      propertyPath: m_LocalRotation.z
      value: 0.69772285
      objectReference: {fileID: 0}
    - target: {fileID: 400000, guid: 2dd67fdcd4fb50041853ad2eabfe54ae, type: 3}
      propertyPath: m_LocalRotation.w
      value: 0.69772285
      objectReference: {fileID: 0}
    - target: {fileID: 400000, guid: 2dd67fdcd4fb50041853ad2eabfe54ae, type: 3}
      propertyPath: m_RootOrder
      value: 2
      objectReference: {fileID: 0}
    - target: {fileID: 100000, guid: 2dd67fdcd4fb50041853ad2eabfe54ae, type: 3}
      propertyPath: m_TagString
      value: Item
      objectReference: {fileID: 0}
    - target: {fileID: 400000, guid: 2dd67fdcd4fb50041853ad2eabfe54ae, type: 3}
      propertyPath: m_LocalEulerAnglesHint.z
      value: 90.00001
      objectReference: {fileID: 0}
    - target: {fileID: 400000, guid: 2dd67fdcd4fb50041853ad2eabfe54ae, type: 3}
      propertyPath: m_LocalEulerAnglesHint.y
      value: -18.69
      objectReference: {fileID: 0}
    - target: {fileID: 100000, guid: 2dd67fdcd4fb50041853ad2eabfe54ae, type: 3}
      propertyPath: m_StaticEditorFlags
      value: 0
      objectReference: {fileID: 0}
    m_RemovedComponents: []
  m_SourcePrefab: {fileID: 100100000, guid: 2dd67fdcd4fb50041853ad2eabfe54ae, type: 3}
  m_IsPrefabAsset: 0
--- !u!1 &606682262
GameObject:
  m_ObjectHideFlags: 0
  m_CorrespondingSourceObject: {fileID: 0}
  m_PrefabInternal: {fileID: 0}
  serializedVersion: 6
  m_Component:
  - component: {fileID: 606682263}
  - component: {fileID: 606682264}
  m_Layer: 0
  m_Name: Path
  m_TagString: Untagged
  m_Icon: {fileID: 0}
  m_NavMeshLayer: 0
  m_StaticEditorFlags: 0
  m_IsActive: 1
--- !u!4 &606682263
Transform:
  m_ObjectHideFlags: 0
  m_CorrespondingSourceObject: {fileID: 0}
  m_PrefabInternal: {fileID: 0}
  m_GameObject: {fileID: 606682262}
  m_LocalRotation: {x: 0, y: 0, z: 0, w: 1}
  m_LocalPosition: {x: 447.53583, y: 0, z: 436.30743}
  m_LocalScale: {x: 1, y: 1, z: 1}
  m_Children:
  - {fileID: 2023276277}
  - {fileID: 356056394}
  - {fileID: 408572704}
  - {fileID: 944156053}
  m_Father: {fileID: 0}
  m_RootOrder: 9
  m_LocalEulerAnglesHint: {x: 0, y: 0, z: 0}
--- !u!114 &606682264
MonoBehaviour:
  m_ObjectHideFlags: 0
  m_CorrespondingSourceObject: {fileID: 0}
  m_PrefabInternal: {fileID: 0}
  m_GameObject: {fileID: 606682262}
  m_Enabled: 1
  m_EditorHideFlags: 0
  m_Script: {fileID: 11500000, guid: 8d202dad6dbd31547b8987854decbbfd, type: 3}
  m_Name: 
  m_EditorClassIdentifier: 
  pathList: []
  print: 1
  points:
  - {fileID: 2023276276}
  - {fileID: 356056393}
  - {fileID: 408572703}
  - {fileID: 944156052}
--- !u!1 &749905560
GameObject:
  m_ObjectHideFlags: 0
  m_CorrespondingSourceObject: {fileID: 0}
  m_PrefabInternal: {fileID: 0}
  serializedVersion: 6
  m_Component:
  - component: {fileID: 749905561}
  - component: {fileID: 749905564}
  - component: {fileID: 749905563}
  - component: {fileID: 749905562}
  m_Layer: 0
  m_Name: Sphere
  m_TagString: Untagged
  m_Icon: {fileID: 0}
  m_NavMeshLayer: 0
  m_StaticEditorFlags: 0
  m_IsActive: 1
--- !u!4 &749905561
Transform:
  m_ObjectHideFlags: 0
  m_CorrespondingSourceObject: {fileID: 0}
  m_PrefabInternal: {fileID: 0}
  m_GameObject: {fileID: 749905560}
  m_LocalRotation: {x: 0, y: 0, z: 0, w: 1}
  m_LocalPosition: {x: 0, y: 1, z: 0.25}
  m_LocalScale: {x: 1, y: 1, z: 1}
  m_Children: []
  m_Father: {fileID: 1834917996}
  m_RootOrder: 1
  m_LocalEulerAnglesHint: {x: 0, y: 0, z: 0}
--- !u!135 &749905562
SphereCollider:
  m_ObjectHideFlags: 0
  m_CorrespondingSourceObject: {fileID: 0}
  m_PrefabInternal: {fileID: 0}
  m_GameObject: {fileID: 749905560}
  m_Material: {fileID: 0}
  m_IsTrigger: 0
  m_Enabled: 1
  serializedVersion: 2
  m_Radius: 0.5
  m_Center: {x: 0, y: 0, z: 0}
--- !u!23 &749905563
MeshRenderer:
  m_ObjectHideFlags: 0
  m_CorrespondingSourceObject: {fileID: 0}
  m_PrefabInternal: {fileID: 0}
  m_GameObject: {fileID: 749905560}
  m_Enabled: 1
  m_CastShadows: 1
  m_ReceiveShadows: 1
  m_DynamicOccludee: 1
  m_MotionVectors: 1
  m_LightProbeUsage: 1
  m_ReflectionProbeUsage: 1
  m_RenderingLayerMask: 4294967295
  m_Materials:
  - {fileID: 10303, guid: 0000000000000000f000000000000000, type: 0}
  m_StaticBatchInfo:
    firstSubMesh: 0
    subMeshCount: 0
  m_StaticBatchRoot: {fileID: 0}
  m_ProbeAnchor: {fileID: 0}
  m_LightProbeVolumeOverride: {fileID: 0}
  m_ScaleInLightmap: 1
  m_PreserveUVs: 0
  m_IgnoreNormalsForChartDetection: 0
  m_ImportantGI: 0
  m_StitchLightmapSeams: 0
  m_SelectedEditorRenderState: 3
  m_MinimumChartSize: 4
  m_AutoUVMaxDistance: 0.5
  m_AutoUVMaxAngle: 89
  m_LightmapParameters: {fileID: 0}
  m_SortingLayerID: 0
  m_SortingLayer: 0
  m_SortingOrder: 0
--- !u!33 &749905564
MeshFilter:
  m_ObjectHideFlags: 0
  m_CorrespondingSourceObject: {fileID: 0}
  m_PrefabInternal: {fileID: 0}
  m_GameObject: {fileID: 749905560}
  m_Mesh: {fileID: 10207, guid: 0000000000000000e000000000000000, type: 0}
--- !u!1 &791439503
GameObject:
  m_ObjectHideFlags: 0
  m_CorrespondingSourceObject: {fileID: 0}
  m_PrefabInternal: {fileID: 0}
  serializedVersion: 6
  m_Component:
  - component: {fileID: 791439504}
  - component: {fileID: 791439507}
  - component: {fileID: 791439506}
  - component: {fileID: 791439505}
  m_Layer: 0
  m_Name: Capsule
  m_TagString: Untagged
  m_Icon: {fileID: 0}
  m_NavMeshLayer: 0
  m_StaticEditorFlags: 0
  m_IsActive: 1
--- !u!4 &791439504
Transform:
  m_ObjectHideFlags: 0
  m_CorrespondingSourceObject: {fileID: 0}
  m_PrefabInternal: {fileID: 0}
  m_GameObject: {fileID: 791439503}
  m_LocalRotation: {x: 0, y: 0, z: 0, w: 1}
  m_LocalPosition: {x: 0, y: 0, z: 0}
  m_LocalScale: {x: 1, y: 1, z: 1}
  m_Children:
  - {fileID: 2026814730}
  m_Father: {fileID: 1989397287}
  m_RootOrder: 0
  m_LocalEulerAnglesHint: {x: 0, y: 0, z: 0}
--- !u!136 &791439505
CapsuleCollider:
  m_ObjectHideFlags: 0
  m_CorrespondingSourceObject: {fileID: 0}
  m_PrefabInternal: {fileID: 0}
  m_GameObject: {fileID: 791439503}
  m_Material: {fileID: 0}
  m_IsTrigger: 0
  m_Enabled: 0
  m_Radius: 0.5
  m_Height: 2
  m_Direction: 1
  m_Center: {x: 0, y: 0, z: 0}
--- !u!23 &791439506
MeshRenderer:
  m_ObjectHideFlags: 0
  m_CorrespondingSourceObject: {fileID: 0}
  m_PrefabInternal: {fileID: 0}
  m_GameObject: {fileID: 791439503}
  m_Enabled: 1
  m_CastShadows: 1
  m_ReceiveShadows: 1
  m_DynamicOccludee: 1
  m_MotionVectors: 1
  m_LightProbeUsage: 1
  m_ReflectionProbeUsage: 1
  m_RenderingLayerMask: 4294967295
  m_Materials:
  - {fileID: 2100000, guid: a83af4bf56dbcec4594c22a6b11f60f6, type: 2}
  m_StaticBatchInfo:
    firstSubMesh: 0
    subMeshCount: 0
  m_StaticBatchRoot: {fileID: 0}
  m_ProbeAnchor: {fileID: 0}
  m_LightProbeVolumeOverride: {fileID: 0}
  m_ScaleInLightmap: 1
  m_PreserveUVs: 0
  m_IgnoreNormalsForChartDetection: 0
  m_ImportantGI: 0
  m_StitchLightmapSeams: 0
  m_SelectedEditorRenderState: 3
  m_MinimumChartSize: 4
  m_AutoUVMaxDistance: 0.5
  m_AutoUVMaxAngle: 89
  m_LightmapParameters: {fileID: 0}
  m_SortingLayerID: 0
  m_SortingLayer: 0
  m_SortingOrder: 0
--- !u!33 &791439507
MeshFilter:
  m_ObjectHideFlags: 0
  m_CorrespondingSourceObject: {fileID: 0}
  m_PrefabInternal: {fileID: 0}
  m_GameObject: {fileID: 791439503}
  m_Mesh: {fileID: 10208, guid: 0000000000000000e000000000000000, type: 0}
--- !u!1 &944156052
GameObject:
  m_ObjectHideFlags: 0
  m_CorrespondingSourceObject: {fileID: 0}
  m_PrefabInternal: {fileID: 0}
  serializedVersion: 6
  m_Component:
  - component: {fileID: 944156053}
  m_Layer: 0
  m_Name: P4
  m_TagString: Untagged
  m_Icon: {fileID: 0}
  m_NavMeshLayer: 0
  m_StaticEditorFlags: 0
  m_IsActive: 1
--- !u!4 &944156053
Transform:
  m_ObjectHideFlags: 0
  m_CorrespondingSourceObject: {fileID: 0}
  m_PrefabInternal: {fileID: 0}
  m_GameObject: {fileID: 944156052}
  m_LocalRotation: {x: -0, y: -0, z: -0, w: 1}
  m_LocalPosition: {x: -2.5, y: 0, z: -38.7}
  m_LocalScale: {x: 1, y: 1, z: 1}
  m_Children: []
  m_Father: {fileID: 606682263}
  m_RootOrder: 3
  m_LocalEulerAnglesHint: {x: 0, y: 0, z: 0}
--- !u!1 &1086062072 stripped
GameObject:
  m_CorrespondingSourceObject: {fileID: 1144978573833690, guid: 1e8e1924bb442334c9125455634bb567,
    type: 2}
  m_PrefabInternal: {fileID: 1743797710}
--- !u!136 &1086062073
CapsuleCollider:
  m_ObjectHideFlags: 0
  m_CorrespondingSourceObject: {fileID: 0}
  m_PrefabInternal: {fileID: 0}
  m_GameObject: {fileID: 1086062072}
  m_Material: {fileID: 0}
  m_IsTrigger: 1
  m_Enabled: 1
  m_Radius: 0.43930054
  m_Height: 1.5067515
  m_Direction: 1
  m_Center: {x: 0.060699463, y: 0.25337577, z: 0}
--- !u!114 &1086062074
MonoBehaviour:
  m_ObjectHideFlags: 0
  m_CorrespondingSourceObject: {fileID: 0}
  m_PrefabInternal: {fileID: 0}
  m_GameObject: {fileID: 1086062072}
  m_Enabled: 1
  m_EditorHideFlags: 0
  m_Script: {fileID: 11500000, guid: c03e71bd220303d4292d3c48edb8afc6, type: 3}
  m_Name: 
  m_EditorClassIdentifier: 
  speed: 3
  rotateSpeed: 5
  jumpSpeed: 8
  gravity: 20
--- !u!143 &1086062075
CharacterController:
  m_ObjectHideFlags: 0
  m_CorrespondingSourceObject: {fileID: 0}
  m_PrefabInternal: {fileID: 0}
  m_GameObject: {fileID: 1086062072}
  m_Material: {fileID: 0}
  m_IsTrigger: 0
  m_Enabled: 1
  serializedVersion: 2
  m_Height: 1
  m_Radius: 0.5
  m_SlopeLimit: 45
  m_StepOffset: 0.3
  m_SkinWidth: 0.08
  m_MinMoveDistance: 0.001
  m_Center: {x: 0, y: 0.5, z: 0}
--- !u!114 &1086062076
MonoBehaviour:
  m_ObjectHideFlags: 0
  m_CorrespondingSourceObject: {fileID: 0}
  m_PrefabInternal: {fileID: 0}
  m_GameObject: {fileID: 1086062072}
  m_Enabled: 1
  m_EditorHideFlags: 0
  m_Script: {fileID: 11500000, guid: 4fc33474e7575d14a8c0bb6955f6076c, type: 3}
  m_Name: 
  m_EditorClassIdentifier: 
  itemSprite: {fileID: 0}
--- !u!114 &1086062078
MonoBehaviour:
  m_ObjectHideFlags: 0
  m_CorrespondingSourceObject: {fileID: 0}
  m_PrefabInternal: {fileID: 0}
  m_GameObject: {fileID: 1086062072}
  m_Enabled: 1
  m_EditorHideFlags: 0
  m_Script: {fileID: 11500000, guid: c76863b259c86204bb18156b7d17d6db, type: 3}
  m_Name: 
  m_EditorClassIdentifier: 
  bullet: {fileID: 1533024073016044, guid: eb24c657ec57b194bad18b4bb0a87ca0, type: 2}
  shotPower: 50
--- !u!1 &1093970292
GameObject:
  m_ObjectHideFlags: 0
  m_CorrespondingSourceObject: {fileID: 0}
  m_PrefabInternal: {fileID: 0}
  serializedVersion: 6
  m_Component:
  - component: {fileID: 1093970293}
  - component: {fileID: 1093970296}
  - component: {fileID: 1093970295}
  - component: {fileID: 1093970294}
  m_Layer: 0
  m_Name: Capsule
  m_TagString: Untagged
  m_Icon: {fileID: 0}
  m_NavMeshLayer: 0
  m_StaticEditorFlags: 0
  m_IsActive: 1
--- !u!4 &1093970293
Transform:
  m_ObjectHideFlags: 0
  m_CorrespondingSourceObject: {fileID: 0}
  m_PrefabInternal: {fileID: 0}
  m_GameObject: {fileID: 1093970292}
  m_LocalRotation: {x: 0, y: 0, z: 0, w: 1}
  m_LocalPosition: {x: 0, y: 0, z: 0}
  m_LocalScale: {x: 1, y: 1, z: 1}
  m_Children:
  - {fileID: 1103993706}
  m_Father: {fileID: 1710827520}
  m_RootOrder: 0
  m_LocalEulerAnglesHint: {x: 0, y: 0, z: 0}
--- !u!136 &1093970294
CapsuleCollider:
  m_ObjectHideFlags: 0
  m_CorrespondingSourceObject: {fileID: 0}
  m_PrefabInternal: {fileID: 0}
  m_GameObject: {fileID: 1093970292}
  m_Material: {fileID: 0}
  m_IsTrigger: 0
  m_Enabled: 0
  m_Radius: 0.5
  m_Height: 2
  m_Direction: 1
  m_Center: {x: 0, y: 0, z: 0}
--- !u!23 &1093970295
MeshRenderer:
  m_ObjectHideFlags: 0
  m_CorrespondingSourceObject: {fileID: 0}
  m_PrefabInternal: {fileID: 0}
  m_GameObject: {fileID: 1093970292}
  m_Enabled: 1
  m_CastShadows: 1
  m_ReceiveShadows: 1
  m_DynamicOccludee: 1
  m_MotionVectors: 1
  m_LightProbeUsage: 1
  m_ReflectionProbeUsage: 1
  m_RenderingLayerMask: 4294967295
  m_Materials:
  - {fileID: 2100000, guid: 60300c5ada4378545b03ba03363dfde5, type: 2}
  m_StaticBatchInfo:
    firstSubMesh: 0
    subMeshCount: 0
  m_StaticBatchRoot: {fileID: 0}
  m_ProbeAnchor: {fileID: 0}
  m_LightProbeVolumeOverride: {fileID: 0}
  m_ScaleInLightmap: 1
  m_PreserveUVs: 0
  m_IgnoreNormalsForChartDetection: 0
  m_ImportantGI: 0
  m_StitchLightmapSeams: 0
  m_SelectedEditorRenderState: 3
  m_MinimumChartSize: 4
  m_AutoUVMaxDistance: 0.5
  m_AutoUVMaxAngle: 89
  m_LightmapParameters: {fileID: 0}
  m_SortingLayerID: 0
  m_SortingLayer: 0
  m_SortingOrder: 0
--- !u!33 &1093970296
MeshFilter:
  m_ObjectHideFlags: 0
  m_CorrespondingSourceObject: {fileID: 0}
  m_PrefabInternal: {fileID: 0}
  m_GameObject: {fileID: 1093970292}
  m_Mesh: {fileID: 10208, guid: 0000000000000000e000000000000000, type: 0}
--- !u!1 &1103993705
GameObject:
  m_ObjectHideFlags: 0
  m_CorrespondingSourceObject: {fileID: 0}
  m_PrefabInternal: {fileID: 0}
  serializedVersion: 6
  m_Component:
  - component: {fileID: 1103993706}
  - component: {fileID: 1103993709}
  - component: {fileID: 1103993708}
  - component: {fileID: 1103993707}
  m_Layer: 0
  m_Name: Sphere
  m_TagString: Untagged
  m_Icon: {fileID: 0}
  m_NavMeshLayer: 0
  m_StaticEditorFlags: 0
  m_IsActive: 1
--- !u!4 &1103993706
Transform:
  m_ObjectHideFlags: 0
  m_CorrespondingSourceObject: {fileID: 0}
  m_PrefabInternal: {fileID: 0}
  m_GameObject: {fileID: 1103993705}
  m_LocalRotation: {x: -0, y: -0, z: -0, w: 1}
  m_LocalPosition: {x: 0, y: 1, z: 0.25}
  m_LocalScale: {x: 1, y: 1, z: 1}
  m_Children: []
  m_Father: {fileID: 1093970293}
  m_RootOrder: 0
  m_LocalEulerAnglesHint: {x: 0, y: 0, z: 0}
--- !u!135 &1103993707
SphereCollider:
  m_ObjectHideFlags: 0
  m_CorrespondingSourceObject: {fileID: 0}
  m_PrefabInternal: {fileID: 0}
  m_GameObject: {fileID: 1103993705}
  m_Material: {fileID: 0}
  m_IsTrigger: 0
  m_Enabled: 0
  serializedVersion: 2
  m_Radius: 0.5
  m_Center: {x: 0, y: 0, z: 0}
--- !u!23 &1103993708
MeshRenderer:
  m_ObjectHideFlags: 0
  m_CorrespondingSourceObject: {fileID: 0}
  m_PrefabInternal: {fileID: 0}
  m_GameObject: {fileID: 1103993705}
  m_Enabled: 1
  m_CastShadows: 1
  m_ReceiveShadows: 1
  m_DynamicOccludee: 1
  m_MotionVectors: 1
  m_LightProbeUsage: 1
  m_ReflectionProbeUsage: 1
  m_RenderingLayerMask: 4294967295
  m_Materials:
  - {fileID: 10303, guid: 0000000000000000f000000000000000, type: 0}
  m_StaticBatchInfo:
    firstSubMesh: 0
    subMeshCount: 0
  m_StaticBatchRoot: {fileID: 0}
  m_ProbeAnchor: {fileID: 0}
  m_LightProbeVolumeOverride: {fileID: 0}
  m_ScaleInLightmap: 1
  m_PreserveUVs: 0
  m_IgnoreNormalsForChartDetection: 0
  m_ImportantGI: 0
  m_StitchLightmapSeams: 0
  m_SelectedEditorRenderState: 3
  m_MinimumChartSize: 4
  m_AutoUVMaxDistance: 0.5
  m_AutoUVMaxAngle: 89
  m_LightmapParameters: {fileID: 0}
  m_SortingLayerID: 0
  m_SortingLayer: 0
  m_SortingOrder: 0
--- !u!33 &1103993709
MeshFilter:
  m_ObjectHideFlags: 0
  m_CorrespondingSourceObject: {fileID: 0}
  m_PrefabInternal: {fileID: 0}
  m_GameObject: {fileID: 1103993705}
  m_Mesh: {fileID: 10207, guid: 0000000000000000e000000000000000, type: 0}
--- !u!1 &1210701171
GameObject:
  m_ObjectHideFlags: 0
  m_CorrespondingSourceObject: {fileID: 0}
  m_PrefabInternal: {fileID: 0}
  serializedVersion: 6
  m_Component:
  - component: {fileID: 1210701172}
  - component: {fileID: 1210701175}
  - component: {fileID: 1210701174}
  - component: {fileID: 1210701173}
  m_Layer: 0
  m_Name: Capsule
  m_TagString: Untagged
  m_Icon: {fileID: 0}
  m_NavMeshLayer: 0
  m_StaticEditorFlags: 0
  m_IsActive: 1
--- !u!4 &1210701172
Transform:
  m_ObjectHideFlags: 0
  m_CorrespondingSourceObject: {fileID: 0}
  m_PrefabInternal: {fileID: 0}
  m_GameObject: {fileID: 1210701171}
  m_LocalRotation: {x: 0, y: 0, z: 0, w: 1}
  m_LocalPosition: {x: 0, y: 0, z: 0}
  m_LocalScale: {x: 1, y: 1, z: 1}
  m_Children: []
  m_Father: {fileID: 1834917996}
  m_RootOrder: 0
  m_LocalEulerAnglesHint: {x: 0, y: 0, z: 0}
--- !u!136 &1210701173
CapsuleCollider:
  m_ObjectHideFlags: 0
  m_CorrespondingSourceObject: {fileID: 0}
  m_PrefabInternal: {fileID: 0}
  m_GameObject: {fileID: 1210701171}
  m_Material: {fileID: 0}
  m_IsTrigger: 0
  m_Enabled: 1
  m_Radius: 0.5
  m_Height: 2
  m_Direction: 1
  m_Center: {x: 0, y: 0, z: 0}
--- !u!23 &1210701174
MeshRenderer:
  m_ObjectHideFlags: 0
  m_CorrespondingSourceObject: {fileID: 0}
  m_PrefabInternal: {fileID: 0}
  m_GameObject: {fileID: 1210701171}
  m_Enabled: 1
  m_CastShadows: 1
  m_ReceiveShadows: 1
  m_DynamicOccludee: 1
  m_MotionVectors: 1
  m_LightProbeUsage: 1
  m_ReflectionProbeUsage: 1
  m_RenderingLayerMask: 4294967295
  m_Materials:
  - {fileID: 2100000, guid: 60300c5ada4378545b03ba03363dfde5, type: 2}
  m_StaticBatchInfo:
    firstSubMesh: 0
    subMeshCount: 0
  m_StaticBatchRoot: {fileID: 0}
  m_ProbeAnchor: {fileID: 0}
  m_LightProbeVolumeOverride: {fileID: 0}
  m_ScaleInLightmap: 1
  m_PreserveUVs: 0
  m_IgnoreNormalsForChartDetection: 0
  m_ImportantGI: 0
  m_StitchLightmapSeams: 0
  m_SelectedEditorRenderState: 3
  m_MinimumChartSize: 4
  m_AutoUVMaxDistance: 0.5
  m_AutoUVMaxAngle: 89
  m_LightmapParameters: {fileID: 0}
  m_SortingLayerID: 0
  m_SortingLayer: 0
  m_SortingOrder: 0
--- !u!33 &1210701175
MeshFilter:
  m_ObjectHideFlags: 0
  m_CorrespondingSourceObject: {fileID: 0}
  m_PrefabInternal: {fileID: 0}
  m_GameObject: {fileID: 1210701171}
  m_Mesh: {fileID: 10208, guid: 0000000000000000e000000000000000, type: 0}
--- !u!1 &1217206864
GameObject:
  m_ObjectHideFlags: 0
  m_CorrespondingSourceObject: {fileID: 0}
  m_PrefabInternal: {fileID: 0}
  serializedVersion: 6
  m_Component:
  - component: {fileID: 1217206866}
  - component: {fileID: 1217206865}
  m_Layer: 0
  m_Name: PlayerSwitcher
  m_TagString: Untagged
  m_Icon: {fileID: 0}
  m_NavMeshLayer: 0
  m_StaticEditorFlags: 0
  m_IsActive: 1
--- !u!114 &1217206865
MonoBehaviour:
  m_ObjectHideFlags: 0
  m_CorrespondingSourceObject: {fileID: 0}
  m_PrefabInternal: {fileID: 0}
  m_GameObject: {fileID: 1217206864}
  m_Enabled: 1
  m_EditorHideFlags: 0
  m_Script: {fileID: 11500000, guid: bfcc75fafa3eaf44aab0b3b21581fb28, type: 3}
  m_Name: 
  m_EditorClassIdentifier: 
  player1: {fileID: 1834917993}
  player2: {fileID: 1710827516}
  player3: {fileID: 1086062072}
  camera1: {fileID: 17396483}
  camera2: {fileID: 2123519284}
  camera3: {fileID: 534669902}
--- !u!4 &1217206866
Transform:
  m_ObjectHideFlags: 0
  m_CorrespondingSourceObject: {fileID: 0}
  m_PrefabInternal: {fileID: 0}
  m_GameObject: {fileID: 1217206864}
  m_LocalRotation: {x: -0, y: -0.70022786, z: -0, w: 0.7139195}
  m_LocalPosition: {x: 445.71997, y: 0, z: 435.72134}
  m_LocalScale: {x: 2, y: 2, z: 2}
  m_Children: []
  m_Father: {fileID: 0}
  m_RootOrder: 8
  m_LocalEulerAnglesHint: {x: 0, y: 0, z: 0}
--- !u!1001 &1439033042
Prefab:
  m_ObjectHideFlags: 0
  serializedVersion: 2
  m_Modification:
    m_TransformParent: {fileID: 0}
    m_Modifications:
    - target: {fileID: 400000, guid: 43991dbc601468e44a784820f8dad169, type: 3}
      propertyPath: m_LocalPosition.x
      value: 446.08365
      objectReference: {fileID: 0}
    - target: {fileID: 400000, guid: 43991dbc601468e44a784820f8dad169, type: 3}
      propertyPath: m_LocalPosition.y
      value: 0.15
      objectReference: {fileID: 0}
    - target: {fileID: 400000, guid: 43991dbc601468e44a784820f8dad169, type: 3}
      propertyPath: m_LocalPosition.z
      value: 427.9654
      objectReference: {fileID: 0}
    - target: {fileID: 400000, guid: 43991dbc601468e44a784820f8dad169, type: 3}
      propertyPath: m_LocalRotation.x
      value: 0
      objectReference: {fileID: 0}
    - target: {fileID: 400000, guid: 43991dbc601468e44a784820f8dad169, type: 3}
      propertyPath: m_LocalRotation.y
      value: 0
      objectReference: {fileID: 0}
    - target: {fileID: 400000, guid: 43991dbc601468e44a784820f8dad169, type: 3}
      propertyPath: m_LocalRotation.z
      value: 0.7071068
      objectReference: {fileID: 0}
    - target: {fileID: 400000, guid: 43991dbc601468e44a784820f8dad169, type: 3}
      propertyPath: m_LocalRotation.w
      value: 0.7071068
      objectReference: {fileID: 0}
    - target: {fileID: 400000, guid: 43991dbc601468e44a784820f8dad169, type: 3}
      propertyPath: m_RootOrder
      value: 1
      objectReference: {fileID: 0}
    - target: {fileID: 100000, guid: 43991dbc601468e44a784820f8dad169, type: 3}
      propertyPath: m_TagString
      value: Item
      objectReference: {fileID: 0}
    - target: {fileID: 400000, guid: 43991dbc601468e44a784820f8dad169, type: 3}
      propertyPath: m_LocalEulerAnglesHint.z
      value: 90
      objectReference: {fileID: 0}
    m_RemovedComponents: []
  m_SourcePrefab: {fileID: 100100000, guid: 43991dbc601468e44a784820f8dad169, type: 3}
  m_IsPrefabAsset: 0
--- !u!1 &1710827516
GameObject:
  m_ObjectHideFlags: 0
  m_CorrespondingSourceObject: {fileID: 0}
  m_PrefabInternal: {fileID: 0}
  serializedVersion: 6
  m_Component:
  - component: {fileID: 1710827520}
  - component: {fileID: 1710827519}
  - component: {fileID: 1710827518}
  - component: {fileID: 1710827517}
  m_Layer: 0
  m_Name: Character2
  m_TagString: Untagged
  m_Icon: {fileID: 0}
  m_NavMeshLayer: 0
  m_StaticEditorFlags: 0
  m_IsActive: 1
--- !u!136 &1710827517
CapsuleCollider:
  m_ObjectHideFlags: 0
  m_CorrespondingSourceObject: {fileID: 0}
  m_PrefabInternal: {fileID: 0}
  m_GameObject: {fileID: 1710827516}
  m_Material: {fileID: 0}
  m_IsTrigger: 0
  m_Enabled: 1
  m_Radius: 0.7261429
  m_Height: 2.5
  m_Direction: 1
  m_Center: {x: 0, y: 0.25, z: 0.1984024}
--- !u!114 &1710827518
MonoBehaviour:
  m_ObjectHideFlags: 0
  m_CorrespondingSourceObject: {fileID: 0}
  m_PrefabInternal: {fileID: 0}
  m_GameObject: {fileID: 1710827516}
  m_Enabled: 1
  m_EditorHideFlags: 0
  m_Script: {fileID: 11500000, guid: 9ee115c787b835f43a5986ab77b7128c, type: 3}
  m_Name: 
  m_EditorClassIdentifier: 
  speed: 10
  jumpSpeed: 10
  rotationSpeed: 100
  distToGround: 0
--- !u!54 &1710827519
Rigidbody:
  m_ObjectHideFlags: 0
  m_CorrespondingSourceObject: {fileID: 0}
  m_PrefabInternal: {fileID: 0}
  m_GameObject: {fileID: 1710827516}
  serializedVersion: 2
  m_Mass: 1
  m_Drag: 0
  m_AngularDrag: 0.05
  m_UseGravity: 1
  m_IsKinematic: 0
  m_Interpolate: 2
  m_Constraints: 80
  m_CollisionDetection: 0
--- !u!4 &1710827520
Transform:
  m_ObjectHideFlags: 0
  m_CorrespondingSourceObject: {fileID: 0}
  m_PrefabInternal: {fileID: 0}
  m_GameObject: {fileID: 1710827516}
  m_LocalRotation: {x: 0, y: 0.9659259, z: -0, w: -0.25881898}
  m_LocalPosition: {x: 454.47, y: 1, z: 449.6}
  m_LocalScale: {x: 1, y: 1, z: 1}
  m_Children:
  - {fileID: 1093970293}
  - {fileID: 2123519285}
  m_Father: {fileID: 0}
  m_RootOrder: 6
  m_LocalEulerAnglesHint: {x: 0, y: 210, z: 0}
--- !u!1001 &1743797710
Prefab:
  m_ObjectHideFlags: 0
  serializedVersion: 2
  m_Modification:
    m_TransformParent: {fileID: 0}
    m_Modifications:
    - target: {fileID: 4749730850939948, guid: 1e8e1924bb442334c9125455634bb567, type: 2}
      propertyPath: m_LocalPosition.x
      value: 445.71997
      objectReference: {fileID: 0}
    - target: {fileID: 4749730850939948, guid: 1e8e1924bb442334c9125455634bb567, type: 2}
      propertyPath: m_LocalPosition.y
      value: 0.6
      objectReference: {fileID: 0}
    - target: {fileID: 4749730850939948, guid: 1e8e1924bb442334c9125455634bb567, type: 2}
      propertyPath: m_LocalPosition.z
      value: 435.72134
      objectReference: {fileID: 0}
    - target: {fileID: 4749730850939948, guid: 1e8e1924bb442334c9125455634bb567, type: 2}
      propertyPath: m_LocalRotation.x
      value: 0
      objectReference: {fileID: 0}
    - target: {fileID: 4749730850939948, guid: 1e8e1924bb442334c9125455634bb567, type: 2}
      propertyPath: m_LocalRotation.y
      value: 1
      objectReference: {fileID: 0}
    - target: {fileID: 4749730850939948, guid: 1e8e1924bb442334c9125455634bb567, type: 2}
      propertyPath: m_LocalRotation.z
      value: 0
      objectReference: {fileID: 0}
    - target: {fileID: 4749730850939948, guid: 1e8e1924bb442334c9125455634bb567, type: 2}
      propertyPath: m_LocalRotation.w
      value: 0
      objectReference: {fileID: 0}
    - target: {fileID: 4749730850939948, guid: 1e8e1924bb442334c9125455634bb567, type: 2}
      propertyPath: m_RootOrder
      value: 3
      objectReference: {fileID: 0}
    - target: {fileID: 4749730850939948, guid: 1e8e1924bb442334c9125455634bb567, type: 2}
      propertyPath: m_LocalScale.x
      value: 2
      objectReference: {fileID: 0}
    - target: {fileID: 4749730850939948, guid: 1e8e1924bb442334c9125455634bb567, type: 2}
      propertyPath: m_LocalScale.y
      value: 2
      objectReference: {fileID: 0}
    - target: {fileID: 4749730850939948, guid: 1e8e1924bb442334c9125455634bb567, type: 2}
      propertyPath: m_LocalScale.z
      value: 2
      objectReference: {fileID: 0}
    - target: {fileID: 4749730850939948, guid: 1e8e1924bb442334c9125455634bb567, type: 2}
      propertyPath: m_LocalEulerAnglesHint.y
      value: 180
      objectReference: {fileID: 0}
    - target: {fileID: 95879256730774250, guid: 1e8e1924bb442334c9125455634bb567,
        type: 2}
      propertyPath: m_Controller
      value: 
      objectReference: {fileID: 9100000, guid: f297797635a2b7445ad2ea55cec7353b, type: 2}
    - target: {fileID: 95879256730774250, guid: 1e8e1924bb442334c9125455634bb567,
        type: 2}
      propertyPath: m_Enabled
      value: 1
      objectReference: {fileID: 0}
    - target: {fileID: 1144978573833690, guid: 1e8e1924bb442334c9125455634bb567, type: 2}
      propertyPath: m_Name
      value: CharacterAnimation
      objectReference: {fileID: 0}
    - target: {fileID: 1144978573833690, guid: 1e8e1924bb442334c9125455634bb567, type: 2}
      propertyPath: m_IsActive
      value: 1
      objectReference: {fileID: 0}
    - target: {fileID: 4321368836194348, guid: 1e8e1924bb442334c9125455634bb567, type: 2}
      propertyPath: m_LocalPosition.y
      value: 0
      objectReference: {fileID: 0}
    - target: {fileID: 1144978573833690, guid: 1e8e1924bb442334c9125455634bb567, type: 2}
      propertyPath: m_Icon
      value: 
      objectReference: {fileID: 0}
    m_RemovedComponents: []
  m_SourcePrefab: {fileID: 100100000, guid: 1e8e1924bb442334c9125455634bb567, type: 2}
  m_IsPrefabAsset: 0
--- !u!4 &1743797711 stripped
Transform:
  m_CorrespondingSourceObject: {fileID: 4749730850939948, guid: 1e8e1924bb442334c9125455634bb567,
    type: 2}
  m_PrefabInternal: {fileID: 1743797710}
--- !u!1 &1818683305 stripped
GameObject:
  m_CorrespondingSourceObject: {fileID: 100000, guid: 43991dbc601468e44a784820f8dad169,
    type: 3}
  m_PrefabInternal: {fileID: 1439033042}
--- !u!65 &1818683306
BoxCollider:
  m_ObjectHideFlags: 0
  m_CorrespondingSourceObject: {fileID: 0}
  m_PrefabInternal: {fileID: 0}
  m_GameObject: {fileID: 1818683305}
  m_Material: {fileID: 0}
  m_IsTrigger: 1
  m_Enabled: 1
  serializedVersion: 2
  m_Size: {x: 0.07574302, y: 0.25728434, z: 0.075743005}
  m_Center: {x: -0.0000000018626456, y: 0, z: 0.000000020489097}
--- !u!54 &1818683307
Rigidbody:
  m_ObjectHideFlags: 0
  m_CorrespondingSourceObject: {fileID: 0}
  m_PrefabInternal: {fileID: 0}
  m_GameObject: {fileID: 1818683305}
  serializedVersion: 2
  m_Mass: 1
  m_Drag: 0
  m_AngularDrag: 0.05
  m_UseGravity: 1
  m_IsKinematic: 1
  m_Interpolate: 0
  m_Constraints: 0
  m_CollisionDetection: 0
--- !u!1 &1834917993
GameObject:
  m_ObjectHideFlags: 0
  m_CorrespondingSourceObject: {fileID: 0}
  m_PrefabInternal: {fileID: 0}
  serializedVersion: 6
  m_Component:
  - component: {fileID: 1834917996}
  - component: {fileID: 1834917995}
  - component: {fileID: 1834917994}
  - component: {fileID: 1834917998}
  - component: {fileID: 1834917997}
  m_Layer: 0
  m_Name: Character
  m_TagString: Untagged
  m_Icon: {fileID: 0}
  m_NavMeshLayer: 0
  m_StaticEditorFlags: 0
  m_IsActive: 1
--- !u!114 &1834917994
MonoBehaviour:
  m_ObjectHideFlags: 0
  m_CorrespondingSourceObject: {fileID: 0}
  m_PrefabInternal: {fileID: 0}
  m_GameObject: {fileID: 1834917993}
  m_Enabled: 1
  m_EditorHideFlags: 0
  m_Script: {fileID: 11500000, guid: 4adfda89846076043b2314b11c97f5db, type: 3}
  m_Name: 
  m_EditorClassIdentifier: 
  speed: 5
  rotateSpeed: 5
  jumpSpeed: 8
  gravity: 20
--- !u!143 &1834917995
CharacterController:
  m_ObjectHideFlags: 0
  m_CorrespondingSourceObject: {fileID: 0}
  m_PrefabInternal: {fileID: 0}
  m_GameObject: {fileID: 1834917993}
  m_Material: {fileID: 0}
  m_IsTrigger: 0
  m_Enabled: 1
  serializedVersion: 2
  m_Height: 2
  m_Radius: 0.5
  m_SlopeLimit: 45
  m_StepOffset: 0.3
  m_SkinWidth: 0.08
  m_MinMoveDistance: 0.001
  m_Center: {x: 0, y: 0, z: 0}
--- !u!4 &1834917996
Transform:
  m_ObjectHideFlags: 0
  m_CorrespondingSourceObject: {fileID: 0}
  m_PrefabInternal: {fileID: 0}
  m_GameObject: {fileID: 1834917993}
  m_LocalRotation: {x: 0, y: 1, z: 0, w: 0}
  m_LocalPosition: {x: 440, y: 1, z: 440}
  m_LocalScale: {x: 1, y: 1, z: 1}
  m_Children:
  - {fileID: 1210701172}
  - {fileID: 749905561}
  - {fileID: 17396484}
  m_Father: {fileID: 0}
  m_RootOrder: 5
  m_LocalEulerAnglesHint: {x: 0, y: 180, z: 0}
--- !u!136 &1834917997
CapsuleCollider:
  m_ObjectHideFlags: 0
  m_CorrespondingSourceObject: {fileID: 0}
  m_PrefabInternal: {fileID: 0}
  m_GameObject: {fileID: 1834917993}
  m_Material: {fileID: 0}
  m_IsTrigger: 1
  m_Enabled: 1
  m_Radius: 2
  m_Height: 3
  m_Direction: 1
  m_Center: {x: 0, y: 0, z: -0.3379364}
--- !u!114 &1834917998
MonoBehaviour:
  m_ObjectHideFlags: 0
  m_CorrespondingSourceObject: {fileID: 0}
  m_PrefabInternal: {fileID: 0}
  m_GameObject: {fileID: 1834917993}
  m_Enabled: 1
  m_EditorHideFlags: 0
  m_Script: {fileID: 11500000, guid: 4fc33474e7575d14a8c0bb6955f6076c, type: 3}
  m_Name: 
  m_EditorClassIdentifier: 
  itemSprite: {fileID: 0}
--- !u!1 &1989397283
GameObject:
  m_ObjectHideFlags: 0
  m_CorrespondingSourceObject: {fileID: 0}
  m_PrefabInternal: {fileID: 0}
  serializedVersion: 6
  m_Component:
  - component: {fileID: 1989397287}
  - component: {fileID: 1989397286}
  - component: {fileID: 1989397285}
  - component: {fileID: 1989397288}
  - component: {fileID: 1989397289}
  - component: {fileID: 1989397284}
  m_Layer: 0
  m_Name: Opponent
  m_TagString: Untagged
  m_Icon: {fileID: 0}
  m_NavMeshLayer: 0
  m_StaticEditorFlags: 0
  m_IsActive: 1
--- !u!114 &1989397284
MonoBehaviour:
  m_ObjectHideFlags: 0
  m_CorrespondingSourceObject: {fileID: 0}
  m_PrefabInternal: {fileID: 0}
  m_GameObject: {fileID: 1989397283}
  m_Enabled: 1
  m_EditorHideFlags: 0
  m_Script: {fileID: 11500000, guid: 2eba2c901f9aba54d90ea07052d6ebd9, type: 3}
  m_Name: 
  m_EditorClassIdentifier: 
  followDistance: 20
  slowDownDistance: 7
  stopDistance: 5
  rotationSpeed: 50
  minAngle: 10
  maxSpeed: 20
--- !u!136 &1989397285
CapsuleCollider:
  m_ObjectHideFlags: 0
  m_CorrespondingSourceObject: {fileID: 0}
  m_PrefabInternal: {fileID: 0}
  m_GameObject: {fileID: 1989397283}
  m_Material: {fileID: 0}
  m_IsTrigger: 0
  m_Enabled: 1
  m_Radius: 0.7261429
  m_Height: 2.5
  m_Direction: 1
  m_Center: {x: 0, y: 0.25, z: 0.1984024}
--- !u!54 &1989397286
Rigidbody:
  m_ObjectHideFlags: 0
  m_CorrespondingSourceObject: {fileID: 0}
  m_PrefabInternal: {fileID: 0}
  m_GameObject: {fileID: 1989397283}
  serializedVersion: 2
  m_Mass: 1
  m_Drag: 0
  m_AngularDrag: 0.05
  m_UseGravity: 1
  m_IsKinematic: 0
  m_Interpolate: 2
  m_Constraints: 80
  m_CollisionDetection: 0
--- !u!4 &1989397287
Transform:
  m_ObjectHideFlags: 0
  m_CorrespondingSourceObject: {fileID: 0}
  m_PrefabInternal: {fileID: 0}
  m_GameObject: {fileID: 1989397283}
  m_LocalRotation: {x: 0, y: 1, z: 0, w: 0}
  m_LocalPosition: {x: 450.27, y: 1, z: 421.36}
  m_LocalScale: {x: 1, y: 1, z: 1}
  m_Children:
  - {fileID: 791439504}
  m_Father: {fileID: 0}
  m_RootOrder: 7
  m_LocalEulerAnglesHint: {x: 0, y: 180, z: 0}
--- !u!135 &1989397288
SphereCollider:
  m_ObjectHideFlags: 0
  m_CorrespondingSourceObject: {fileID: 0}
  m_PrefabInternal: {fileID: 0}
  m_GameObject: {fileID: 1989397283}
  m_Material: {fileID: 0}
  m_IsTrigger: 1
  m_Enabled: 1
  serializedVersion: 2
  m_Radius: 8
  m_Center: {x: 0, y: 0, z: 0}
--- !u!114 &1989397289
MonoBehaviour:
  m_ObjectHideFlags: 0
  m_CorrespondingSourceObject: {fileID: 0}
  m_PrefabInternal: {fileID: 0}
  m_GameObject: {fileID: 1989397283}
  m_Enabled: 1
  m_EditorHideFlags: 0
  m_Script: {fileID: 11500000, guid: 3d9a05263757a20458359ef6b1737791, type: 3}
  m_Name: 
  m_EditorClassIdentifier: 
  health: 100
--- !u!1 &2023276276
GameObject:
  m_ObjectHideFlags: 0
  m_CorrespondingSourceObject: {fileID: 0}
  m_PrefabInternal: {fileID: 0}
  serializedVersion: 6
  m_Component:
  - component: {fileID: 2023276277}
  m_Layer: 0
  m_Name: P1
  m_TagString: Untagged
  m_Icon: {fileID: 0}
  m_NavMeshLayer: 0
  m_StaticEditorFlags: 0
  m_IsActive: 1
--- !u!4 &2023276277
Transform:
  m_ObjectHideFlags: 0
  m_CorrespondingSourceObject: {fileID: 0}
  m_PrefabInternal: {fileID: 0}
  m_GameObject: {fileID: 2023276276}
  m_LocalRotation: {x: 0, y: 0, z: 0, w: 1}
  m_LocalPosition: {x: -8.86, y: 0, z: -9.56}
  m_LocalScale: {x: 1, y: 1, z: 1}
  m_Children: []
  m_Father: {fileID: 606682263}
  m_RootOrder: 0
  m_LocalEulerAnglesHint: {x: 0, y: 0, z: 0}
--- !u!1 &2026814729
GameObject:
  m_ObjectHideFlags: 0
  m_CorrespondingSourceObject: {fileID: 0}
  m_PrefabInternal: {fileID: 0}
  serializedVersion: 6
  m_Component:
  - component: {fileID: 2026814730}
  - component: {fileID: 2026814733}
  - component: {fileID: 2026814732}
  - component: {fileID: 2026814731}
  m_Layer: 0
  m_Name: Sphere
  m_TagString: Untagged
  m_Icon: {fileID: 0}
  m_NavMeshLayer: 0
  m_StaticEditorFlags: 0
  m_IsActive: 1
--- !u!4 &2026814730
Transform:
  m_ObjectHideFlags: 0
  m_CorrespondingSourceObject: {fileID: 0}
  m_PrefabInternal: {fileID: 0}
  m_GameObject: {fileID: 2026814729}
  m_LocalRotation: {x: -0, y: -0, z: -0, w: 1}
  m_LocalPosition: {x: 0, y: 1, z: 0.25}
  m_LocalScale: {x: 1, y: 1, z: 1}
  m_Children: []
  m_Father: {fileID: 791439504}
  m_RootOrder: 0
  m_LocalEulerAnglesHint: {x: 0, y: 0, z: 0}
--- !u!135 &2026814731
SphereCollider:
  m_ObjectHideFlags: 0
  m_CorrespondingSourceObject: {fileID: 0}
  m_PrefabInternal: {fileID: 0}
  m_GameObject: {fileID: 2026814729}
  m_Material: {fileID: 0}
  m_IsTrigger: 0
  m_Enabled: 0
  serializedVersion: 2
  m_Radius: 0.5
  m_Center: {x: 0, y: 0, z: 0}
--- !u!23 &2026814732
MeshRenderer:
  m_ObjectHideFlags: 0
  m_CorrespondingSourceObject: {fileID: 0}
  m_PrefabInternal: {fileID: 0}
  m_GameObject: {fileID: 2026814729}
  m_Enabled: 1
  m_CastShadows: 1
  m_ReceiveShadows: 1
  m_DynamicOccludee: 1
  m_MotionVectors: 1
  m_LightProbeUsage: 1
  m_ReflectionProbeUsage: 1
  m_RenderingLayerMask: 4294967295
  m_Materials:
  - {fileID: 10303, guid: 0000000000000000f000000000000000, type: 0}
  m_StaticBatchInfo:
    firstSubMesh: 0
    subMeshCount: 0
  m_StaticBatchRoot: {fileID: 0}
  m_ProbeAnchor: {fileID: 0}
  m_LightProbeVolumeOverride: {fileID: 0}
  m_ScaleInLightmap: 1
  m_PreserveUVs: 0
  m_IgnoreNormalsForChartDetection: 0
  m_ImportantGI: 0
  m_StitchLightmapSeams: 0
  m_SelectedEditorRenderState: 3
  m_MinimumChartSize: 4
  m_AutoUVMaxDistance: 0.5
  m_AutoUVMaxAngle: 89
  m_LightmapParameters: {fileID: 0}
  m_SortingLayerID: 0
  m_SortingLayer: 0
  m_SortingOrder: 0
--- !u!33 &2026814733
MeshFilter:
  m_ObjectHideFlags: 0
  m_CorrespondingSourceObject: {fileID: 0}
  m_PrefabInternal: {fileID: 0}
  m_GameObject: {fileID: 2026814729}
  m_Mesh: {fileID: 10207, guid: 0000000000000000e000000000000000, type: 0}
--- !u!1 &2123519284
GameObject:
  m_ObjectHideFlags: 0
  m_CorrespondingSourceObject: {fileID: 0}
  m_PrefabInternal: {fileID: 0}
  serializedVersion: 6
  m_Component:
  - component: {fileID: 2123519285}
  - component: {fileID: 2123519287}
  - component: {fileID: 2123519286}
  m_Layer: 0
  m_Name: Camera2
  m_TagString: Untagged
  m_Icon: {fileID: 0}
  m_NavMeshLayer: 0
  m_StaticEditorFlags: 0
  m_IsActive: 1
--- !u!4 &2123519285
Transform:
  m_ObjectHideFlags: 0
  m_CorrespondingSourceObject: {fileID: 0}
  m_PrefabInternal: {fileID: 0}
  m_GameObject: {fileID: 2123519284}
  m_LocalRotation: {x: 0.16504757, y: 0, z: 0, w: 0.9862857}
  m_LocalPosition: {x: 0, y: 2.4, z: -3.17}
  m_LocalScale: {x: 1, y: 1, z: 1}
  m_Children: []
  m_Father: {fileID: 1710827520}
  m_RootOrder: 1
  m_LocalEulerAnglesHint: {x: 19, y: 0, z: 0}
--- !u!81 &2123519286
AudioListener:
  m_ObjectHideFlags: 0
  m_CorrespondingSourceObject: {fileID: 0}
  m_PrefabInternal: {fileID: 0}
  m_GameObject: {fileID: 2123519284}
  m_Enabled: 1
--- !u!20 &2123519287
Camera:
  m_ObjectHideFlags: 0
  m_CorrespondingSourceObject: {fileID: 0}
  m_PrefabInternal: {fileID: 0}
  m_GameObject: {fileID: 2123519284}
  m_Enabled: 1
  serializedVersion: 2
  m_ClearFlags: 1
  m_BackGroundColor: {r: 0.19215687, g: 0.3019608, b: 0.4745098, a: 0}
  m_projectionMatrixMode: 1
  m_SensorSize: {x: 36, y: 24}
  m_LensShift: {x: 0, y: 0}
  m_FocalLength: 50
  m_NormalizedViewPortRect:
    serializedVersion: 2
    x: 0
    y: 0
    width: 1
    height: 1
  near clip plane: 0.3
  far clip plane: 1000
  field of view: 60
  orthographic: 0
  orthographic size: 5
  m_Depth: -1
  m_CullingMask:
    serializedVersion: 2
    m_Bits: 4294967295
  m_RenderingPath: -1
  m_TargetTexture: {fileID: 0}
  m_TargetDisplay: 0
  m_TargetEye: 3
  m_HDR: 1
  m_AllowMSAA: 1
  m_AllowDynamicResolution: 0
  m_ForceIntoRT: 0
  m_OcclusionCulling: 1
  m_StereoConvergence: 10
  m_StereoSeparation: 0.022
